<record><leader>00000cas a22000007a 4500</leader><controlfield tag="001">18543718</controlfield><controlfield tag="008">880929d19011908nduwr ne      0    0eng d</controlfield><datafield ind1=" " ind2=" " tag="010"><subfield code="a">sn 88076648 </subfield></datafield><datafield ind1=" " ind2=" " tag="040"><subfield code="a">NOP</subfield><subfield code="b">eng</subfield><subfield code="c">NOP</subfield><subfield code="d">OCLCQ</subfield></datafield><datafield ind1="0" ind2=" " tag="041"><subfield code="a">eng</subfield><subfield code="a">ger</subfield></datafield><datafield ind1=" " ind2=" " tag="042"><subfield code="a">msc</subfield></datafield><datafield ind1="0" ind2="4" tag="245"><subfield code="a">The Berwick post.</subfield></datafield><datafield ind1=" " ind2=" " tag="260"><subfield code="a">Berwick, N.D. :</subfield><subfield code="b">A.C. Sleight</subfield></datafield><datafield ind1=" " ind2=" " tag="300"><subfield code="a">7 volumes :</subfield><subfield code="b">illustrations ;</subfield><subfield code="c">56 cm</subfield></datafield><datafield ind1=" " ind2=" " tag="310"><subfield code="a">Weekly</subfield></datafield><datafield ind1=" " ind2=" " tag="336"><subfield code="a">text</subfield><subfield code="b">txt</subfield><subfield code="2">rdacontent</subfield></datafield><datafield ind1=" " ind2=" " tag="337"><subfield code="a">unmediated</subfield><subfield code="b">n</subfield><subfield code="2">rdamedia</subfield></datafield><datafield ind1=" " ind2=" " tag="338"><subfield code="a">volume</subfield><subfield code="b">nc</subfield><subfield code="2">rdacarrier</subfield></datafield><datafield ind1="0" ind2=" " tag="362"><subfield code="a">Vol. 1, no. 1 (June 15, 1901)-v. 7, no. 42 (Mar. 27, 1908).</subfield></datafield><datafield ind1=" " ind2=" " tag="530"><subfield code="a">Available on microfilm from the State Historical Society of North Dakota.</subfield></datafield><datafield ind1=" " ind2=" " tag="530"><subfield code="a">Eye-readable reprints in opaque film at State Historical Society of North Dakota.</subfield></datafield><datafield ind1=" " ind2=" " tag="546"><subfield code="a">In English with German columns until August 1904.</subfield></datafield><datafield ind1=" " ind2=" " tag="752"><subfield code="a">United States</subfield><subfield code="b">North Dakota</subfield><subfield code="c">McHenry</subfield><subfield code="d">Berwick.</subfield></datafield></record>